<record><leader>00000cas a22000007a 4500</leader><controlfield tag="001">34153786</controlfield><controlfield tag="008">960207c19959999mauwn ne      0   a0eng c</controlfield><datafield ind1=" " ind2=" " tag="010"><subfield code="a">sn 96000045 </subfield></datafield><datafield ind1=" " ind2=" " tag="040"><subfield code="a">NSD</subfield><subfield code="b">eng</subfield><subfield code="c">NSD</subfield><subfield code="d">OCLCQ</subfield></datafield><datafield ind1=" " ind2=" " tag="012"><subfield code="m">0</subfield></datafield><datafield ind1="1" ind2=" " tag="022"><subfield code="a">1087-0199</subfield><subfield code="l">1087-0199</subfield><subfield code="2">1</subfield></datafield><datafield ind1=" " ind2=" " tag="037"><subfield code="b">Patriots Football Weekly, P.O. Box 6183, Boston, MA 02209-6183</subfield><subfield code="c">$34.95 (30 issues)</subfield></datafield><datafield ind1=" " ind2=" " tag="042"><subfield code="a">nsdp</subfield><subfield code="a">pcc</subfield></datafield><datafield ind1=" " ind2="0" tag="222"><subfield code="a">Patriots football weekly</subfield></datafield><datafield ind1="0" ind2="0" tag="245"><subfield code="a">Patriots football weekly.</subfield></datafield><datafield ind1=" " ind2=" " tag="260"><subfield code="a">Boston, MA :</subfield><subfield code="b">Foxboro Stadium Associates</subfield></datafield><datafield ind1=" " ind2=" " tag="300"><subfield code="a">v.</subfield></datafield><datafield ind1=" " ind2=" " tag="310"><subfield code="a">Weekly</subfield></datafield><datafield ind1="1" ind2=" " tag="362"><subfield code="a">Began in Apr. 1995?</subfield></datafield><datafield ind1=" " ind2=" " tag="588"><subfield code="a">Description based on: Vol. 1, no. 26 (Dec. 14, 1995).</subfield></datafield></record>